<collection xmlns="http://www.loc.gov/MARC21/slim">
<record>
  <leader>01361nam0a22002531i 450 </leader>
  <controlfield tag="001">IT\ICCU\CNCE\047252</controlfield>
  <controlfield tag="005">20200325000000.0</controlfield>
  <datafield tag="012" ind1=" " ind2=" ">
    <subfield code="a">uaio l-ol e.el spRe (3) 1543 (R)</subfield>
    <subfield code="2">fei</subfield>
  </datafield>
  <datafield tag="100" ind1=" " ind2=" ">
    <subfield code="a">19990216d1543        0itac0103    ba</subfield>
  </datafield>
  <datafield tag="101" ind1=" " ind2=" ">
    <subfield code="a">ITA</subfield>
  </datafield>
  <datafield tag="102" ind1=" " ind2=" ">
    <subfield code="a">IT</subfield>
  </datafield>
  <datafield tag="200" ind1="1" ind2=" ">
    <subfield code="a">Paris e Viena. Innamoramento delli nobilissimi amanti Paris e Viena. Nuouamente historiato e con diligentia corretto</subfield>
  </datafield>
  <datafield tag="210" ind1=" " ind2=" ">
    <subfield code="a">\Venezia</subfield>
    <subfield code="c">Francesco Bindoni il vecchio e Maffeo Pasini!</subfield>
    <subfield code="d">1543</subfield>
    <subfield code="e">Stampato in Vinegia</subfield>
    <subfield code="g">per Francesco Bindoni &amp; Mapheo Pasini</subfield>
    <subfield code="h">compagni</subfield>
    <subfield code="h">al segno del Anzolo Raphaello</subfield>
    <subfield code="h">del mese di luio 1543</subfield>
  </datafield>
  <datafield tag="215" ind1=" " ind2=" ">
    <subfield code="a">\80! c.</subfield>
    <subfield code="c">ill.</subfield>
    <subfield code="d">8ʻ</subfield>
  </datafield>
  <datafield tag="500" ind1="1" ind2="1">
    <subfield code="3">IT\ICCU\CNCE\027325</subfield>
    <subfield code="a">Paris e Vienna</subfield>
  </datafield>
  <datafield tag="620" ind1=" " ind2=" ">
    <subfield code="a">IT</subfield>
    <subfield code="d">Venezia</subfield>
  </datafield>
  <datafield tag="712" ind1="0" ind2="0">
    <subfield code="a">Bindoni, Francesco &lt;1.&gt; &amp; Pasini, Maffeo</subfield>
    <subfield code="3">IT\ICCU\CNCT\000060</subfield>
    <subfield code="4">650</subfield>
  </datafield>
  <datafield tag="791" ind1="0" ind2="2">
    <subfield code="a">℗al segno dell&apos;℗Angelo Raffaele</subfield>
    <subfield code="c"> &lt;1531-1546&gt;</subfield>
    <subfield code="3">IT\ICCU\CNCT\002984</subfield>
    <subfield code="z">Bindoni, Francesco &lt;1.&gt; &amp; Pasini, Maffeo</subfield>
  </datafield>
  <datafield tag="801" ind1=" " ind2="3">
    <subfield code="a">IT</subfield>
    <subfield code="b">ICCU</subfield>
    <subfield code="c">20201115</subfield>
  </datafield>
  <datafield tag="899" ind1=" " ind2=" ">
    <subfield code="a">Biblioteca estera - Bayerische StaatsBibliothek. Muenchen</subfield>
    <subfield code="1">AA0008</subfield>
  </datafield>
  <datafield tag="899" ind1=" " ind2=" ">
    <subfield code="a">Biblioteca Labronica Francesco Domenico Guerrazzi. Livorno</subfield>
    <subfield code="1">LI0011</subfield>
    <subfield code="2">LIA FA</subfield>
  </datafield>
  <datafield tag="899" ind1=" " ind2=" ">
    <subfield code="a">British Library. London</subfield>
    <subfield code="1">UK0001</subfield>
  </datafield>
  <datafield tag="911" ind1=" " ind2=" ">
    <subfield code="a">Sul front.</subfield>
    <subfield code="9">IT\ICCU\CNCM\000024</subfield>
  </datafield>
  <datafield tag="921" ind1=" " ind2=" ">
    <subfield code="a">IT\ICCU\CNCM\000024</subfield>
    <subfield code="b">Arcangelo Raffaele e Tobiolo (angelo che tiene per mano un bambino con un pesce).</subfield>
    <subfield code="c">V287</subfield>
    <subfield code="c">Z94</subfield>
    <subfield code="f">ANGELO</subfield>
    <subfield code="f">PESCE</subfield>
    <subfield code="f">BAMBINO</subfield>
    <subfield code="g">1529-1554</subfield>
  </datafield>
</record>
</collection>
